@article{dujmovic.wood:stacks,
  author    = {Vida Dujmovi{\'c} and
               David R. Wood},
  title     = {Stacks, Queues and Tracks: Layouts of Graph Subdivisions},
  journal   = {Discret. Math. Theor. Comput. Sci.},
  volume    = {7},
  number    = {1},
  pages     = {155--202},
  year      = {2005},
  url       = {http://dmtcs.episciences.org/346},
  timestamp = {Fri, 13 Mar 2020 14:37:50 +0100},
  biburl    = {https://dblp.org/rec/journals/dmtcs/DujmovicW05.bib},
  bibsource = {dblp computer science bibliography, https://dblp.org}
}
